@online{codata,
  author = {Eite Tiesinga and Peter J. Mohr and David B. Newell and Barry N. Taylor},
  title  = {The 2022 CODATA Recommended Values of the Fundamental Physical Constants},
  year   = {2022},
  url    = {https://physics.nist.gov/constants}
}

@article{lab-manual,
  author = {Stokan, Ed and Chung, Seanne},
  title  = {{PHYS-2610H lab (2025WI)} Emission Spectroscopy},
  year   = {2025}
}

@online{diode-manufacturer,
  author = {ThorLabs},
  title  = {Calibrated Photodiodes},
  year   = {2025},
  url    = {https://www.thorlabs.com/newgrouppage9.cfm?objectgroup_id=2822}
}

@online{spectrum-db,
  author = {Kramida, A. and Ralchenko, Yu. and Reader, J. and NIST ASD Team (2024)},
  title  = {NIST Atomic Spectra Database (version 5.12)},
  year   = {2025},
  url    = {https://physics.nist.gov/asd}
}
