@online{codata,
  author = {Eite Tiesinga and Peter J. Mohr and David B. Newell and Barry N. Taylor},
  title  = {The 2022 CODATA Recommended Values of the Fundamental Physical Constants},
  year   = {2024},
  url    = {https://physics.nist.gov/constants}
}

@article{lab-manual,
  author = {Stokan, Ed and Chung, Seanne},
  title  = {{PHYS-2610H lab (2025WI)} The Hydrogen Spectrum},
  year   = {2025}
}

