@manual{microchip:ATmega328P,
  organization = {Microchip Technology},
  title        = {ATmega48A/PA/88A/PA/168A/PA/328/P},
  year         = 2020,
  month        = 9,
  number       = {ATmega328P},
  note         = {Rev. B},
  url          = {https://ww1.microchip.com/downloads/en/DeviceDoc/ATmega48A-PA-88A-PA-168A-PA-328-P-DS-DS40002061B.pdf}
}

@manual{microchip:MCP4822,
  organization = {Microchip Technology},
  title        = {8/10/12-Bit Dual Voltage Output Digital-to-Analog Converter
                  with Internal VREF and SPI Interface},
  year         = 2015,
  month        = 49,
  number       = {MCP4822},
  note         = {Rev. B},
  url          = {https://ww1.microchip.com/downloads/aemDocuments/documents/OTH/ProductDocuments/DataSheets/20002249B.pdf}
}